<?xml version="1.0" encoding="UTF-8"?><collection xmlns="http://www.loc.gov/MARC21/slim"><record><leader>00458nam--2200145-i-4500</leader><controlfield tag="001">000008208</controlfield><controlfield tag="002">20161230</controlfield><controlfield tag="005">20170218235051</controlfield><controlfield tag="008">060222s1000------------r-----000-0-eng-d</controlfield><datafield ind1=" " ind2=" " tag="245"><subfield code="a">Dictionnaire des sciences et techniques nucleaires. Preface de F.Perrin</subfield></datafield><datafield ind1=" " ind2=" " tag="260"><subfield code="a">Paris</subfield><subfield code="b">Presses Universitaires De France</subfield><subfield code="c">1967</subfield></datafield><datafield ind1=" " ind2=" " tag="300"><subfield code="a">421 p.+1 Pl</subfield></datafield><datafield ind1=" " ind2=" " tag="490"><subfield code="a">Commissariat A L Energie Atomique</subfield></datafield><datafield ind1=" " ind2=" " tag="852"><subfield code="a">539.1(038)=40:801.323.1=40</subfield></datafield><datafield ind1=" " ind2=" " tag="CAT"><subfield code="a">SYS</subfield><subfield code="c">20170218</subfield><subfield code="h">235051</subfield></datafield></record></collection>